% This file was created with JabRef 2.7.2.
% Encoding: Cp1252

@book{gibas2001developing,
  title={Developing bioinformatics computer skills},
  author={Gibas, Cynthia and Jambeck, Per and Fenton, JM},
  year={2001},
  publisher={" O'Reilly Media, Inc."}
}